
@misc{masas,
  author       = {Jorgen Borgesen},
  title        = {URSIM},
  howpublished = {GitHub},
  year         = 2017
}