
@misc{misc,
  author       = {Jørgen Borgesen},
  title        = {URSIM},
  howpublished = {GitHub},
  year         = 2017
}


@misc{Simscape2019,
  author       = {{The MathWorks, Inc.}},
  title        = {Simscape: model and simulate multidomain physical systems},
  howpublished = "\url{https://la.mathworks.com/products/simscape.html}",
  year         = 2019
}


@book{Latexbook,
  author    = {{Wikibooks}},
  title     = {Online LaTeX book},
  publisher = {Wikibooks},
  year      = 2019,
  note      = "\url{https://en.wikibooks.org/wiki/LaTeX/}"
}


@misc{Overleaf2019,
  author       = {{Overleaf}},
  title        = {Online, collaborative LaTeX editor},
  howpublished = "\url{https://www.overleaf.com/}",
  year         = 2019
}

@techreport{Gonzalez2019,
  author       = {Rodrigo Gonzalez},
  title        = {Manual de estilo para la redacción de reportes técnicos},
  institution  = {Universidad Nacional de Cuyo},
  year         = 2019,
  address      = {Mendoza, Argentina},
  month        = {Junio},
  note         = "\url{https://www.overleaf.com/read/fkmgwbxprjcr}"
}
