@misc{CoppeliaSim,
  author = {Coppelia Robotics},
  title  = {CoppeliaSim},
  url    = {https://www.coppeliarobotics.com/}
}

@misc{CoppeliaSim_API_Functions,
  title  = {Funciones API de CoppeliaSim},
  author = {Coppelia Robotics},
  url    = {https://manual.coppeliarobotics.com/en/apiFunctions.htm}
}

@misc{Meshmixer,
  title  = {Meshmixer},
  author = {Autodesk inc.},
  url    = {https://meshmixer.com/}
}

@misc{API_Functions_MATLAB,
  title  = {Funciones API MATLAB},
  author = {Coppelia Robotics},
  url    = {https://manual.coppeliarobotics.com/en/remoteApiFunctionsMatlab.htm}
}

@misc{Level-2_MATLAB_S-Functions,
  title  = {Level-2 MATLAB S-Functions},
  author = {MathWorks},
  url    = {https://la.mathworks.com/help/simulink/sfg/writing-level-2-matlab-s-functions.html}
}

@misc{Masas_y_Momentos_de_Inercia_de_github_de_Foro_UR,
  title        = {URSIM},
  author       = {Jørgen Borgesen},
  howpublished = {GitHub},
  year         = {2017},
  url          = {https://github.com/jorgenfb/docker-ursim/blob/master/ursim-3.3.4.310/.urcontrol/urcontrol.conf.UR10}
}

@misc{UR10_Especificaciones_Técnicas,
  title        = {Especificaciones Técnicas UR10},
  author       = {UNIVERSAL ROBOTS},
  year         = {2016},
  url          = {https://www.universal-robots.com/media/50898/ur10_es.pdf}
}

@article{beermecanica,
  title={Mecánica vectorial para ingenieros: estática},
  author={Beer, ferdinand pierre and Johnston, E Russell and others},
  publisher={MÉXICO: MCGRAW-HILL,}
}


@misc{MR_to_MATLAB,
  title  = {MR to MATLAB},
  author = {CoppeliaSim Forum},
  url    = {https://forum.coppeliarobotics.com/viewtopic.php?t=975&sid=448a760320cb90b48667a5c58a4cc7c4}
}

@misc{Cuaterniones,
  title  = {Cuaterniones},
  author = {3Blue1Brown},
  url    = {https://www.youtube.com/watch?v=d4EgbgTm0Bg}
}

@misc{Pass_Dialog_Parameters,
  title  = {Pass Dialog Parameters},
  author = {MathWorks},
  url    = {https://la.mathworks.com/help/simulink/sfg/dialog-parameters-matlab.html}
}

@misc{Torques_Máximos,
  title  = {Torques Máximos},
  author = {Universal Robots},
  url    = {https://www.universal-robots.com/articles/ur/robot-care-maintenance/max-joint-torques-cb3-and-e-series/}
}

@article{arenas2023virtual,
  title     = {Virtual UR5 Robot for Online Learning of Inverse Kinematics and Independent Joint Control Validated with FSM Position Control},
  author    = {Arenas-Rosales, Filemon and Martell-Chavez, Fernando and Sanchez-Chavez, Irma Y and Paredes-Orta, Carlos A},
  journal   = {Robotics},
  volume    = {12},
  number    = {1},
  pages     = {23},
  year      = {2023},
  publisher = {MDPI}
}
% @misc{arenas2023virtual,
%   title  = {Virtual UR5 Robot for Online Learning of Inverse Kinematics and Independent Joint Control Validated with FSM Position Control},
%   author = {Filemon Arenas-Rosales, Fernando Martell-Chavez, Irma Y. Sanchez-Chavez and CandCarlos A. Paredes-Orta},
%   url    = {https://www.mdpi.com/2218-6581/12/1/23}
% }



@misc{MoogMotorDatasheet,
  title  = {MoogMotorDatasheet},
  author = {MoogMotorDatasheet},
  url    = {https://www.moog.com/content/dam/moog/literature/MCG/moc23series.pdf}
}
% @misc{Celera_Motion,
%   title  = {Celera Motion},
%   author = {Celera Motion},
%   url    = {https://www.celeramotion.com/}
% }

@misc{c2d,
  title  = {Conversión de modelos de tiempo continuo a discreto},
  author = {MathWorks},
  url    = {https://la.mathworks.com/help/control/ref/dynamicsystem.c2d.html#mw_53fc4689-2099-41d0-93b3-de1e51a174c1}
}
